@misc{quinn96,
	author={Baker, N and Feaster, S and Quinn*, D},
	howpublished={Contributed poster},
	title="Gordon Conference: Enzymes, Coenzymes, Metabolic Pathways",
	year=1996
}

@misc{quinn97,
	author={Baker, N and Kearney, W and Quinn*, D},
	howpublished={Contributed poster},
	title="Experimental Nuclear Magnetic Resonance Conference",
	year=1997
}

@misc{baker98,
	author={Baker*, NA and Huber, G and McCammon, JA},
	title="The Sixth International Meeting on Cholinesterases",
	year=1998,
	howpublished={Contributed poster}
}

@misc{baker00ljis,
	author={Baker*, NA and Holst, MJ and McCammon, JA},
	title={La Jolla Interfaces in Science 2000 Symposium: Quantitative Challenges in the Post-genomic Sequence},
	year=2000,
	howpublished={Contributed poster}
}
@misc{baker00siam,
	author={Baker*, NA},
	title="The First {SIAM} Conference on Computational Science and Engineering",
	year={2000},
	howpublished={Contributed talk}
}

@misc{baker01acs,
	author={Baker*, NA and Sept, D and Holst, M and McCammon, JA},
	title="{American Chemical Society} National Meeting",
	year=2001,
	howpublished={Invited talk}
}

@misc{baker01ucsd,
	author ={Baker, NA},
	title="{University of California at San Diego}, {Biochemistry} Seminar",
	year=2001,
	howpublished={Invited talk}
}

@misc{baker01burnham,
	author={Baker, NA},
	title="Seminar, {The Burnham Institute}",
	year=2001,
	howpublished={Invited talk}
}

@misc{baker01umich,
	author={Baker, NA},
	title="{University of Michigan}, {Bioinformatics Program Seminar}",
	year=2001,
	howpublished={Invited talk}
}

@misc{baker01wustl,
	author={Baker,NA},
	title={Washington University School of Medicine, Department of Biochemistry and Molecular Biophysics Special Seminar},
	year=2001,
	howpublished={Invited talk}
}

@misc{baker01chicago,
	author={Baker, NA},
	title={University of Chicago, Computations in Science Seminar},
	year=2001,
	howpublished={Invited talk}
}

@misc{sept02biophysics,
	author={Sept*, D and Baker, NA and McCammon, JA},
	title={Biophysical Society Annual Meeting},
	year=2002,
	howpublished={Contributed poster}
}

@misc{baker02salk,
	author={Baker, NA},
	title={The Salk Institute, Young Investigator Symposium},
	year=2002,
	howpublished={Invited talk}
}

@misc{baker02biophysics,
	author={Baker*, NA and Sept, D and Joseph, S and Holst, MJ and McCammon, JA},
	title={Biophysical Society Annual Meeting},
	year=2002,
	howpublished={Contributed poster}
}

@misc{baker02npaci,
	author={Baker*, NA and Sept, D and Holst, MJ and McCammon, JA},
	title={NPACI All-Hands Meeting},
	year=2002,
	howpublished={Contributed poster, first place student award}
}
@misc{baker02npacitalk,
	author={Baker, NA},
	title={NPACI All-Hands Meeting},
	year=2002,
	howpublished={Invited talk}
}
@misc{baker02gibbs,
	author={Baker, NA* and Sept, D and Joseph, S and Holst, MJ and McCammon, JA},
	title={Gibbs Conference on Biothermodynamics},
	year=2002,
	howpublished={Contributed poster}
}
@misc{baker02uiuc,
	author={Baker, NA},
	title={University of Illinois Urbana-Champaign, Theoretical Biophysics Seminar},
	year=2002,
	howpublished={Invited talk}
}
@misc{baker03siam,
	author={Baker*, NA and Sept, D and Joseph, S and Holst, MJ and McCammon, JA},
	title={SIAM Computation Science and Engineering meeting},
	year=2003,
	howpublished={Contributed talk}
}
@misc{baker03npaci,
	author={Baker, NA and Bajaj*, C and McCammon, JA and Sanner M and Olson A},
	title={NPACI All-Hands Meeting},
	year=2003,
	howpublished={Invited talk}
}
@misc{baker03ut,
	author={Baker, NA},
	title={University of Texas at Austin, Center for Computational Visualization Seminar},
	year=2003,
	howpublished={Invited talk}
}
@misc{baker03rush,
	author={Baker, NA},
	title={Rush Medical College, Department of Molecular Biophysics and Physiology Seminar},
	year=2003,
	howpublished={Invited talk}
}
@misc{baker03virt,
	author={Baker, NA},
	title={The Third Virtual Conference on Genomics and Bioinformatics},
	year=2003,
	howpublished={Invited talk}
}
@misc{bradley03gibbs,
	author={Bradley*, M and Schreiter, E and Drennan, C and Chivers, P and Baker N},
	title={Gibbs Conference on Biothermodynamics},
	year=2003,
	howpublished={Contributed poster}
}
@misc{song03gibbs,
	author={Song*, Y and Zhang, Y and Shen, T and Bajaj, C and McCammon, JA and Baker, NA},
	title={Gibbs Conference on Biothermodynamics},
	year=2003,
	howpublished={Contributed poster}
}
@misc{baker03bistc,
	author={Baker*, NA and Zhang, X and Xu, Z and Bajaj, CL},
	title={Digital Biology: The Emerging Paradigm (NIH BISTIC)},
	year=2003,
	howpublished={Contributed poster}
}
@misc{song03biophysics,
	author={Song*, Y and Zhang, Y and Shen, T and Bajaj, CL and McCammon, JA and Baker, NA},
	title={Biophysical Society Meeting},
	year=2004,
	howpublished={Contributed poster}
}
@misc{baker04nbcr,
	author={Baker, NA},
	title={Multiscale Computational Models for Biomolecular Research, National Biomedical Computation Resource},
	year=2004,
	howpublished={Invited talk}
}
@misc{baker04JASON,
	author={Baker, NA},
	title={JASON Summer Study 2004 Computation for Biology and Medicine, JASON group (Mitre Corporation)},
	year=2004,
	howpublished={Invited briefing}
}
@misc{baker04am3,
	author={Baker, NA},
	title={Algorithms for Multiscale Modeling IV},
	year=2004,
	howpublished={Invited talk}
}
@misc{wagoner04gibbs,
	author={Wagoner*, J and Melnykov, A and Baker, NA},
	title={Gibbs Conference on Biothermodynamics},
	year=2004,
	howpublished={Contributed poster}
}
@misc{baker04nakfi,
	author={Baker, NA},
	title={2nd Annual National Academies Keck Futures Initiative},
	year=2004,
	howpublished={Invited poster}
}
@misc{baker05bioinformatics,
	author={Baker, NA},
	title={St Louis RCGA Bioinformatics Network Seminar},
	year=2005,
	howpublished={Invited talk}
}
@misc{song05biophysics,
	author={Song*, Y and Baker, NA},
	title={Biophysical Society Meeting},
	year=2005,
	howpublished={Contributed poster}
}
@misc{baker05uiowa,
	author={Baker, NA},
	title={University of Iowa Department of Chemistry Seminar},
	year=2005,
	howpublished={Invited talk}
}
@misc{baker05qbmi,
	author={Baker*, NA and Dolinsky, T and Wagoner, J and Song, Y},
	title={QBMI Computational Structural Biology Workshop},
	year=2005, howpublished={Invited talk}
}
@misc{baker05ipam,
	author={Baker, NA},
	title={IPAM Workshop: Bridging Time and Length Scales in Materials Science and Bio-Physics},
	year=2005,
	howpublished={Invited talk}
}
@misc{baker05ut,
	author={Baker, NA},
	title={Institute for Computational Engineering and Sciences, University of Texas at Austin},
	year=2005,
	howpublished={Invited talk}
}
@misc{bradley05gibbs,
	author={Bradley*, M and Chivers, P and Baker, N},
	title={Gibbs Conference on Biothermodynamics},
	year=2005,
	howpublished={Contributed poster}
}
@misc{wagoner05gibbs,
	author={Wagoner*, JA and Baker, NA},
	title={Gibbs Conference on Biothermodynamics},
	year=2005,
	howpublished={Contributed poster}
}
@misc{song05gibbs,
	author={Song*, Y and Guallar, V and Baker, NA},
	title={Gibbs Conference on Biothermodynamics},
	year=2005,
	howpublished={Invited talk}
}
@misc{baker05wisc,
	author={Baker, NA},
	title={Contemporary Biochemistry Seminar Series, University of Wisconsin at Madison},
	year=2005,
	howpublished={Invited talk}
}
@misc{baker05jafos,
	author={Baker, NA},
	title={Japan Society for the Promotion of Science, U.S. National Academy of Sciences: Eighth Annual Japanese-American Frontiers of Science Symposium},
	year=2005,
	howpublished={Invited poster}
}
@misc{baker06indiana,
	author={Baker, NA},
	title={Biocomplexity Institute Seminar, University of Indiana},
	year=2006,
	howpublished={Invited talk}
}
@misc{baker06uiuc,
	author={Baker, NA},
	title={Theoretical and Computational Biophysics Seminar, University of Illinois Urbana-Champaign},
	year=2006,
	howpublished={Invited talk}
}
@misc{wagoner06biophysics,
	author={Wagoner*, JA and Baker, NA},
	title={Biophysical Society Meeting},
	year=2006,
	howpublished={Contributed poster}
}
@misc{song06biophysics,
	author={Song*, Y and Baker, NA},
	title={Biophysical Society Meeting},
	year=2006,
	howpublished={Contributed poster}
}
@misc{baker06nd,
	author={Baker, NA},
	title={Computer Science and Engineering Seminar Series, University of Notre Dame},
	year=2006,
	howpublished={Invited talk}
}
@misc{baker06astar,
	author={Baker, NA},
	title={Bioinformatics Institute, Agency for Science, Technology, and Research (A*STAR Biopolis), Singapore},
	year=2006,
	howpublished={Visiting scientist lecture series}
}
@misc{baker06nbcr,
	author={Baker, NA},
	title={National Biomedical Computation Resource Summer Institute},
	year=2006,
	howpublished={Invited workshop}
}
@misc{bradley06gibbs,
	author={Bradley*, M and Chivers, P, Baker N},
	title={Gibbs Conference on Biothermodynamics},
	year=2006, 
	howpublished={Contributed poster}
}
@misc{dong06gibbs,
	author={Dong*, F and Wagoner, J and Baker, NA},
	title={Gibbs Conference on Biothermodynamics},
	year=2006,
	howpublished={Contributed poster}
}
@misc{olsen06gibbs,
	author={Olsen*, B and Lee, SJ and Song, Y and Baker, NA},
	title={Gibbs Conference on Biothermodynamics},
	year=2006,
	howpublished={Contributed poster}
}
@misc{wagoner06gibbs,
	author={Wagoner, JA and Dong, F and Baker*, NA},
	title={Gibbs Conference on Biothermodynamics},
	year=2006,
	howpublished={Invited talk}
}
@misc{baker06ornl,
	author={Baker, NA},
	title={Future of Biomolecular Simulations: From Ab Initio to Nano-molecular Machines, National Center for Computational Sciences, Oak Ridge National Lab},
	year=2006,
	howpublished={Invited talk}
}
@misc{olsen07acs,
	author={Olsen, B and Song, Y and Lee, SJ and Tieleman DP and Baker*, NA},
	title={American Chemical Society National Meeting},
	year=2007,
	howpublished={Invited talk}
}
@misc{dong07acs,
	author={Dong, F and Wagoner, JA and Baker*, NA},
	title={American Chemical Society National Meeting},
	year=2007,
	howpublished={Invited talk}
}
@misc{thomas07nano,
	author={Thomas, D and Sim, H and Jones, P and Pappu, R and Sept, D and Baker*, N},
	title={Nanotechnology and the Life Sciences Symposium},
	year=2007,
	howpublished={Talk and poster}
}
@misc{lee07biopysics,
	author={Lee, SJ and Song, Y and Baker, NA},
	title={Biophysical Society Meeting},
	year=2007,
	howpublished={Contributed poster}
}
@misc{rice07biophysics,
	author={Rice*, RL and Baker, NA},
	title={Biophysical Society Meeting},
	year=2007,
	howpublished={Contributed poster}
}
@misc{thomas07nih,
	author={Thomas, D and Jones, P and Pappu, R and Sept, D and Baker*, N},
	title={Trans-NIH Nano Task Force Meeting},
	year=2007,
	howpublished={Invited talk}
}
@misc{baker07wustl,
	author={Baker, NA},
	title={Biophysical Evenings, Washington University in St Louis},
	year=2007,
	howpublished={Invited talk}
}
@misc{baker07idt,
	author={Baker, NA},
	title={Seminar, Integrated DNA Technologies},
	year=2007,
	howpublished={Invited talk}
}
@misc{baker07nbcr,
	author={Baker, NA},
	title={National Biomedical Computation Resource Summer Institute Mini-Symposium},
	year=2007,
	howpublished={Invited talk}
}
@misc{baker07imadna,
	author={Baker, NA},
	title={Mathematics of DNA Structure, Function, and Interactions, Institute for Mathematics and its Applications},
	year=2007,
	howpublished={Invited talk}
}
@misc{li07gibbs,
	author={Li*, P-C and Bradley, MJ and Baker, NA and Sept, D},
	title={Gibbs Conference on Biothermodynamics},
	year=2007,
	howpublished={Contributed poster}
}
@misc{bradley07gibbs,
	author={Bradley*, M and Chivers, P and Baker N},
	title={Gibbs Conference on Biothermodynamics},
	year=2007,
	howpublished={Contributed poster}
}
@misc{olsen07gibbs,
	author={Olsen*, B and Song, Y and Tieleman, DP and Baker N},
	title={Gibbs Conference on Biothermodynamics},
	year=2007,
	howpublished={Contributed poster}
}
@misc{baker07nci,
	author={Baker*, NA and others},
	title={National Cancer Institute Nanotechnology Alliance Meeting},
	year=2007,
	howpublished={Invited talk}
}
@misc{thomas07nci,
	author={Thomas, DG and Sim, H and Jones, P and Sept, D and Pappu, R and Baker, NA},
	title={National Cancer Institute Nanotechnology Alliance Meeting},
	year=2007,
	howpublished={Invited talk}
}
@misc{baker07kansas,
	author={Baker, NA},
	title={Seminar, University of Kansas},
	year=2007,
	howpublished={Invited talk}
}
@misc{baker07msu,
	author={Baker, NA},
	title={Quantitative Biology and Modeling/Dept. of Mathematics Seminar, Michigan State University},
	year=2007,
	howpublished={Invited talk}
}
@misc{baker07imafolding,
	author={Baker, NA},
	title={Protein Folding Workshop, Institute for Mathematics and its Applications},
	year=2008,
	howpublished={Invited talk}
}
@misc{baker08wustl,
	author={Baker, NA},
	title={Mechanical Engineering Seminar, Washington University},
	year=2008,
	howpublished={Invited talk}
}
@misc{baker08dublin,
	author={Baker, NA},
	title={Seminar, Conway Institute, University College Dublin},
	year=2008,
	howpublished={Invited talk}
}
@misc{wagoner08acs,
	author={Wagoner, J and Dong, F and Cerutti, D and McCammon, JA and Baker, NA},
	title={American Chemical Society National Meeting},
	year=2008,
	howpublished={Invited talk}
}
@misc{bradley08acs,
	author={Bradley, M and Rice, R and Di Cera, E and Baker*, N},
	title={American Chemical Society National Meeting},
	year=2008,
	howpublished={Invited talk}
}
@misc{hahn08nano,
	author={Hahn-Dantona*, EA and Fritts, MJ and Patri, AK and Baker, NA and Thomas, DG and Hartel, FW},
	title={Nanobiology Think Tank Meeting},
	year=2008,
	howpublished={Contributed poster}
}
@misc{wagoner08gordon,
	author={Wagoner, J and Dong, F and Baker*, NA},
	title={Biopolymers Gordon Research Conference},
	year=2008,
	howpublished={Invited talk}
}
@misc{thomas08cabig,
	author={Thomas, DG and Jones, PL and Pappu, RV and Baker, NA},
	title={caBIG Annual Meeting},
	year=2008,
	howpublished={Invited talk}
}
@misc{wagoner08gordontalk,
	author={Wagoner, J and Dong, F and Baker*, NA},
	title={Computational Chemistry Gordon Research Conference},
	year=2008,
	howpublished={Invited talk}
}
@misc{wagoner08tsrc,
	author={Wagoner, J and Dong, F and Baker*, NA},
	title={Protein Electrostatics Workshop, Telluride Science Research Center},
	year=2008,
	howpublished={Invited talk}
}
@misc{baker08fsu,
	author={Baker, NA},
	title={Seminar, Department of Biological Science, Florida State University},
	year=2008,
	howpublished={Invited talk}
}
@misc{baker08ctbp,
	author={Baker, NA and Sept*, D},
	title={Center for Theoretical Biological Physics Summer Workshop, University of California San Diego},
	year=2008,
	howpublished={Invited talk}
}
@misc{baker08iowa,
	author={Baker, NA},
	title={University of Iowa Physical Chemistry Seminar},
	year=2008,
	howpublished={Invited talk}
}
@misc{rice08gibbs,
	author={Rice, RL and Baker*, NA},
	title={Gibbs Conference on Biothermodynamics},
	year=2008,
	howpublished={Contributed poster}
}
}
@misc{paik08rsna,
	author={Paik*, D and others},
	title={Radiological Society of North America 94th Scientific Sessions},
	year=2008,
	howpublished={Contributed poster}
}
@misc{baker08rpi,
	author={Baker, NA},
	title={Rensselaer Polytechnic Institute Seminar},
	year=2008,
	howpublished={Invited talk}
}
@misc{baker08uiucmat,
	author={Baker, NA},
	title={University of Illinois Materials Science and Engineering Seminar},
	year=2008,
	howpublished={Invited talk}
}
@misc{wagoner08ima,
	author={Wagoner, JA and Dong, F and Baker*, NA},
	title={Solvation Workshop, Institute for Mathematics and its Applications},
	year=2008,
	howpublished={Invited talk}
}
@misc{wagoner09ccpb,
	author={Wagoner, JA and Dong, F and Baker*, NA},
	title={Biomolecular simulation 2009, Collaborative Computational Project for Biomolecular Simulation},
	year=2009,
	howpublished={Plenary talk}
}
@misc{baker09ccpb,
	author={Baker*, NA and Tai, K},
	title={Specialised Training Workshop on Electrostatics Calculations, Collaborative Computational Project for Biomolecular Simulation},
	year=2009,
	howpublished={Invited workshop}
}
@misc{baker09ut,
	author={Baker, NA},
	title={University of Texas at Austin ICES Seminar},
	year=2009,
	howpublished={Invited talk}
}
@misc{baker09astar,
	author={Baker, NA},
	title={Bioinformatics Institute, Agency for Science, Technology, and Research (A*STAR Biopolis), Singapore},
	year=2009,
	howpublished={Visiting scientist lecture series and workshop}
}
@misc{baker09ncbo,
	author={Baker, NA},
	title={National Center for Biomedical Ontology Seminar, Stanford University},
	year=2009,
	howpublished={Invited talk}
}
@misc{baker09tsrc,
	author={Carstensen, T and Nielsen, JE and Huang, Y and Baker, NA},
	title={TSRC Protein Electrostatics Workshop},
	year=2009,
	howpublished={Invited talk}
}
@misc{baker09cabig,
	author={Baker* NA* and others},
	title={caBIG Annual Meeting},
	year=2009,
	howpublished={Contributed poster}
}
@misc{thomas09cabig,
	author={Thomas, DG and Pappu, RV and Baker*, NA},
	title={caBIG Annual Meeting},
	year=2009,howpublished={Contributed poster}
}
@misc{thomas09icbo,
	author={Thomas, DG and Pappu, RV and Baker*, NA},
	title={International Conference on Biomedical Ontology},
	year=2009, 
	howpublished={Contributed poster}
}
@misc{lee09nbcr,
	author={Lee*, SJ and Baker, NA},
	title={National Biomedical Computation Resource Summer Institute},
	year=2009,
	howpublished={Invited talk}
}
@misc{baker09cabigtalk,
	author={Baker, NA},
	title={caBIG Integrative Cancer Research Workspace Meeting},
	year=2009,
	howpublished={Invited talk}
}
@misc{olsen09wustl,
	author={Olsen, BN and Baker*, NA},
	title={Anesthesiology Research Unit Seminar, Washington University in St Louis},
	year=2009,
	howpublished={Invited talk}
}
@misc{bradley09israel,
	author={Bradley, MJ and Rice, RL and Baker*, NA},
	title={Biomolecular Modeling and Simulations, Israel Science Foundation Workshop},
	year=2009,
	howpublished={Invited talk}
}
@misc{olsen09gibbs,
	author={Olsen*, B and Schlesinger, P and Baker, N},
	title={Gibbs Conference on Biothermodynamics},
	year=2009,
	howpublished={Contributed poster}
}
@misc{lee09gibbs,
	author={Lee*, SJ and Olsen, BN and Schlesinger PH and Baker, NA},
	title={Gibbs Conference on Biothermodynamics},
	year=2009,
	howpublished={Invited talk}
}
@misc{baker09davis,
	author={Baker, NA},
	title={University of California Davis, Department of Chemistry Seminar},
	year=2009,
	howpublished={Invited talk}
}
@misc{baker09nci,
	author={Baker, NA},
	title={National Cancer Institute Nanotechnology Alliance Meeting},
	year=2009,
	howpublished={Co-chair and invited talk}
}
@misc{baker10pnnl,
	author={Baker, NA},
	title={Pacific Northwest National Laboratory seminar},
	year=2010,
	howpublished={Invited talk}
}
@misc{baker10wustl,
	author={Baker, NA},
	title={Washington University School of Medicine Dept. of Genetics Seminar},
	year=2010,
	howpublished={Invited talk}
}
@misc{baker10unc,
	author={Baker, NA},
	title={University of North Carolina Chapel Hill Physical Chemistry Seminar},
	year=2010,
	howpublished={Invited talk}
}
@misc{gaheen10cabig,
	author={Gaheen*, S and others},
	title={caBIG Annual Meeting},
	year=2010,
	howpublished={Contributed poster}
}
@misc{baker10cabig,
	author={Baker*, N and others},
	title={caBIG Annual Meeting},
	year=2010,
	howpublished={Contributed poster}
}
@misc{baker10nanoinformatics,
	author={Baker, NA},
	title={Nanoinformatics 2010},
	year=2010,
	howpublished={Invited talk}
}
@misc{paik11ncbo,
	author={Paik, DS and Baker*, NA},
	title={National Center for Biomedical Ontology Annual Meeting},
	year=2011,
	howpublished={Invited talk}
}
@misc{olsen11acs,
	author={Olsen, BN and Schlesinger PH and Ory, DS and Baker*, NA},
	title={American Chemical Society National Meeting},
	year=2011,
	howpublished={Invited talk}
}
@misc{thomas11uw,
	author={Thomas, DS and Chun, J and Chen, Z and Wei, G and Baker*, NA},
	title={University of Washington Applied Mathematics Seminar},
	year=2011,
	howpublished={Invited talk}
}
@misc{thomas11mbi,
	author={Thomas, DS and Chun, J and Chen, Z and Wei, G and Baker*, NA},
	title={MBI Modeling and Computation of Biomolecular Structure and Dynamics},
	year=2011,
	howpublished={Invited talk}
}
@misc{thomas11src,
	author={Thomas, DG and Chappell, A and Freund, E and Gaheen, S and Harper, S and Klemm, JD and Paik, DS and Baker*, NA},
	title={SRC-SEMATECH Environmental Research Center},
	year=2011,
	howpublished={Invited talk}
}
@misc{thomas11asnm,
	author={Thomas, DG and Chappell, A and Freund, E and Gaheen, S and Harper, S and Klemm, JD and Paik, DS and Baker*, NA},
	title={American Society for Nanomedicine Annual Meeting},
	year=2011,
	howpublished={Invited talk}
}
@misc{thomas11nanoinformatics,
	author={Thomas, DG and Chappell, A and Freund, E and Gaheen, S and Harper, S and Klemm, JD and Paik, DS and Baker*, NA},
	title={Nanoinformatics 2011},
	year=2011,
	howpublished={Invited talk}
}
@misc{baker12nga,
	author={Baker, NA},
	title={National Geospatial-Intelligence Agency Technical Exchange},
	year=2012,
	howpublished={Invited talk}
}
@misc{thomas12icsu,
	author={Thomas, DG and Chappell, A and Freund, E and Gaheen, S and Harper, S and Klemm, JD and Paik, DS and Baker*, NA},
	title={ICSU-CODATA Paris Meeting on Nanotechnology Informatics},
	year=2012,
	howpublished={Invited talk}
}
@misc{baker12euus,
	author={Baker, NA},
	title={EU-US Communities of Research in Nanotechnology Databases and Ontology},
	year=2012,
	howpublished={Invited talk}
}
@misc{thomas12gatech,
	author={Thomas, DG and Chun, J and Wei, GW and Baker*, NA},
	title={Georgia Tech Mathematics Seminar},
	year=2012,
	howpublished={Invited talk}
}
@misc{chun12acs,
	author={Chun, J and Thomas, DG and Wei, GW and Baker*, NA},
	title={American Chemical Society National Meeting},
	year=2012,
	howpublished={Invited talk}
}
@misc{baker12nro,
	author={Baker, NA},
	title={Science of Multi-INT Workshop},
	year=2012,
	howpublished={Contributed talk}
}
@misc{baker12nrc,
	author={Baker, NA},
	title={National Academies Research Progress on Environmental, Health, and Safety Aspects of Nanotechnology},
	year=2012,
	howpublished={Invited talk}
}
@misc{baker12euus2,
	author={Baker, NA},
	title={EU-US: Bridging NanoEHS Research Efforts},
	year=2012,
	howpublished={Invited talk}
}
@misc{baker13osu,
	author={Baker, NA},
	title={Microproducts Breakthrough Institute Seminar, Oregon State University},
	year=2013,
	howpublished={Invited talk}
}
@misc{baker13uw,
	author={Baker, NA},
	title={Acoustics Department, University of Washington Applied Physics Laboratory},
	year=2013,
	howpublished={Invited talk}
}
@misc{baker13sot,
	author={Baker, NA and Rauscher, H},
	title={Society of Toxicology Annual Meeting presentation},
	year=2013,
	howpublished={Invited talk}
}
@misc{baker13asu,
	author={Baker, NA},
	title={Arizona State University Biophysics Seminar},
	year=2013,
	howpublished={Invited talk}
}
@misc{chun13cas,
	author={Chun, J and Thomas, DG and Daily, M and Gosink, L and Hogan, E and Wei, GW and Baker*, NA},
	title={Chinese Academy of Sciences Applied Mathematics Seminar},
	year=2013,
	howpublished={Invited talk}
}
@misc{chun13icmm,
	author={Chun, J and Thomas, DG and Daily, M and Gosink, L and Hogan, E and Wei, GW and Baker*, NA},
	title={International Conference on Mathematical Modeling and Computation},
	year=2013,
	howpublished={Invited talk}
}
@misc{chun13wuhan,
	author={Chun, J and Thomas, DG and Daily, M and Gosink, L and Hogan, E and Wei, GW and Baker*, NA},
	title={Wuhan University Physics Seminar},
	year=2013,},
	howpublished={Invited talk}
}
@misc{chun13tsinghua,
	author={Chun, J and Thomas, DG and Daily, M and Gosink, L and Hogan, E and Wei, GW and Baker*, NA},
	title={Tsinghua University Chemistry Seminar},
	year=2013,
	howpublished={Invited talk}
}
@misc{gosink13tsrc,
	author={Gosink, L and Hogan, E and Pulsipher, T and Baker*, NA},
	title={Telluride Science Research Center Protein Electrostatics Workshop},
	year=2013,
	howpublished={Invited talk}
}
@misc{dowling13gordon,
	author={Dowling, C and Sansone, S-A and Baker*, NA},
	title={Gordon Research Conference Computer-Aided Drug Design},
	year=2013,
	howpublished={Invited talk}
}
@misc{chun13bdbdb3,
	author={Chun, J and Thomas, DG and Daily, M and Gosink, L and Hogan, E and Wei, GW and Baker*, NA},
	title={Third Biological Diffusion and Brownian Dynamics Brainstorm: BDBDB3},
	year=2013,
	howpublished={Invited talk}
}
@misc{chun13uw,
	author={Chun, J and Thomas, DG and Daily, M and Gosink, L and Hogan, E and Wei, GW and Baker*, NA},
	title={University of Washington Nanotechnology Seminar},
	year=2013,
	howpublished={Invited talk}
}
@misc{baker14llnl,
	author={Baker, NA},
	title={Lawrence Livermore National Laboratory Lab Days},
	year=2014,
	howpublished={Invited talk}
}
@misc{baker14coda,
	author={Baker, NA},
	title={Conference on Data Analysis (CoDA 2014)},
	year=2014,
	howpublished={Invited talk}
}
@misc{baker14umbc,
	author={Baker, NA},
	title={University of Maryland Baltimore County Seminar},
	year=2014,
	howpublished={Invited talk}
}
@misc{baker14pitt,
	author={Baker, NA},
	title={University of Pittsburgh, Computational \& Systems Biology Seminar},
	year=2014,
	howpublished={Invited talk}
}
@misc{baker14scix,
	author={Baker, NA},
	title={SCIX Conference, Reno, NV},
	year=2014,
	howpublished={Keynote}
}
@misc{baker14lanl,
	author={Baker, NA},
	title={Materials Frontiers to Empower Quantum Computing, LANL workshop},
	year=2014,
	howpublished={Invited talk}
}
%@misc{baker14nist,
%	author={Baker, NA},
%	title={National Intelligence S\&T Council},
%	year=2014,
%	howpublished={Invited briefing}
%}
@misc{baker14linkoping,
	author={Baker, NA},
	title={VALCRI seminar, Link\"oping University},
	year=2014,
	howpublished={Invited talk}
}
@misc{dowling15biophysics,
	author={Dowling, C and Pulsipher, T and Gosink, L and Sansone, S-A and Baker*, NA},
	title={Biophysical Society Annual Meeting},
	year=2015,
	howpublished={Invited talk}
}
@misc{baker15hpc,
	author={Baker, NA},
	title={IDC HPC User Forum NSCI Panel Discussion},
	year=2015,
	howpublished={Panelist}
}
@misc{baker15mbi,
	author={Baker*, NA and Lei, H and Yang, X and Zheng, B and Lin, G},
	title="Multiple faces of biomolecular electrostatics workshop, {Mathematical Biosciences Institute}",
	year=2015,
	howpublished={Invited talk}
}
@misc{baker15brown,
	author={Baker*, NA and Lei, H and Yang, X and Zheng, B and Lin, G},
	title={Brown University, Division of Applied Mathematics Seminar},
	year=2015,
	howpublished={Invited talk}
}
